@techreport{fonaprace2019,
    Author = {FONAPRACE},
	Title = {V Pesquisa Nacional de Perfil Socioeconômico e Cultural dos (as) Graduandos (as) das IFES - 2018},
	Institution = {Forúm Nacional de Pró-Reitores de Assuntos Comunitários e Estudantis - FONAPRACE},
	Year = {2019},
    Address = {Brasília, Brasil},
}

@article{catunda2008qualidade,
    title={Qualidade de vida de universitários},
    author={Catunda, Maria AP and Ruiz, Valdete M},
    journal={Pensamento plural},
    volume={2},
    number={1},
    pages={22--31},
    year={2008}
}

@techreport{chegg2021,
    Author = {Chegg.org},
	Title = {Global Student Survey},
	Institution = {Chegg},
	Year = {2021},
}

@article{whoqol1995,
    title = {The World Health Organization quality of life assessment (WHOQOL): Position paper from the World Health Organization},
    journal = {Social Science & Medicine},
    volume = {41},
    number = {10},
    pages = {1403-1409},
    year = {1995},
    note = {Quality of Life in Social Science and Medicine},
    issn = {0277-9536},
    doi = {https://doi.org/10.1016/0277-9536(95)00112-K},
    url = {https://www.sciencedirect.com/science/article/pii/027795369500112K},
    keywords = {quality of life assessment},
}

@article{silva2012, 
    title={Qualidade de Vida e Bem-Estar Subjetivo de Estudantes Universitários},
    volume={4},
    url={https://pssaucdb.emnuvens.com.br/pssa/article/view/126},
    DOI={10.20435/pssa.v4i1.126},
    number={1},
    journal={Revista Psicologia e Saúde},
    author={Correia Silva, Érika and Geralda Viana Heleno, Maria},
    year={2012}
}

@misc{coachingtools,
	title = {The {Complete} {Guide} to {The} {Wheel} of {Life}},
	url = {https://www.thecoachingtoolscompany.com/wheel-of-life-complete-guide-everything-you-need-to-know/},
	abstract = {Get instructions plus great tips for The Wheel of Life, a powerful visual tool \& worksheet used in coaching so clients can see how fulfilled their life is.},
	language = {en-US},
	urldate = {2022-07-20},
	journal = {The Coaching Tools Company},
	month = jul,
	year = {2019},
}

@inproceedings{royce1987managing,
  title={Managing the development of large software systems: concepts and techniques},
  author={Royce, Winston W},
  booktitle={Proceedings of the 9th international conference on Software Engineering},
  pages={328--338},
  year={1987}
}

@book{gorenstein2015,
	title = {Instrumentos de {Avaliação} em {Saúde} {Mental}},
	isbn = {978-85-8271-286-3},
	abstract = {Este manual abrangente, didático e informativo constitui uma ferramenta fundamental para uso tanto na pesquisa como na prática clínica. Estudantes, pesquisadores e profissionais das áreas de saúde mental encontram nesta obra um recurso valioso para o bom uso dos instrumentos de avaliação.},
	language = {pt-BR},
	publisher = {Artmed Editora},
	author = {Gorenstein, Clarice and Wang, Yuan-Pang and Hungerbühler, Ines},
	month = dec,
	year = {2015},
	note = {Google-Books-ID: G94\_CwAAQBAJ},
	keywords = {Medical / Psychiatry / General},
}
